@online{MCwebsite,
    author = "Isidro Ros",
    title = "Memoria RAM: qué es, por qué es importante y recomendaciones",
    url  = "https://www.muycomputer.com/2018/11/04/memoria-ram-que-es-recomendaciones/",
    addendum = "(accessed: 04.11.2018)",
    keywords = "ram,memoria"
}

@online{TecnologiaInformatica,
    author = "TecnologiaInformatica",
    title = "Tipos de memorias de una computadora",
    url  = "https://www.tecnologia-informatica.com/tipos-memorias-computadora/",
    addendum = "(accessed: 17.07.2020)",
    keywords = "rom,memoria"
}
@online{memorypc,
    title = "Como funciona la memoria de una computadora",
    url  = "http://www.youbioit.com/es/article/shared-information/8714/como-funciona-la-memoria-de-una-computadora",
    keywords = "memoria computador, ram"
}